<?xml version="1.0" encoding="UTF-8"?><record xmlns="http://www.loc.gov/MARC21/slim" xmlns:cinclude="http://apache.org/cocoon/include/1.0" xmlns:zs="http://www.loc.gov/zing/srw/">
  <leader>00504cz  a2200133n  4500</leader>
  <controlfield tag="001">n  89653986 </controlfield>
  <controlfield tag="003">DLC</controlfield>
  <controlfield tag="005">19950907163712.6</controlfield>
  <controlfield tag="008">890927n| acannaab|          |n ana |||  </controlfield>
  <datafield tag="010" ind1=" " ind2=" ">
    <subfield code="a">n  89653986 </subfield>
  </datafield>
  <datafield tag="040" ind1=" " ind2=" ">
    <subfield code="a">DLC</subfield>
    <subfield code="c">DLC</subfield>
    <subfield code="d">DLC</subfield>
  </datafield>
  <datafield tag="110" ind1="2" ind2="0">
    <subfield code="a">Österreichische Mineralogische Gesellschaft</subfield>
  </datafield>
  <datafield tag="670" ind1=" " ind2=" ">
    <subfield code="a">nuc89-86661: Guidebook excursion, Austrian ... 1977</subfield>
    <subfield code="b">(hdg. on DI-GS rept.: Österreichische Mineralogische Gesellschaft)</subfield>
  </datafield>
  <datafield tag="670" ind1=" " ind2=" ">
    <subfield code="a">Exkursionsführer, 1991:</subfield>
    <subfield code="b">t.p. (Österreichische Mineralogische Gesellschaft)</subfield>
  </datafield>
</record>